@book{authorname2011,
  author = "Author, First", 
  year = 2011,
  title = "Book Title",
  address = "Every Town, CA",
  publisher = "Generic University Press",
}
